@article{Goncalves2013,
archivePrefix = {arXiv},
arxivId = {1406.0032},
author = {Gon{\c{c}}alves, Pollyanna and Ara{\'{u}}jo, Matheus and Benevenuto, Fabr{\'{i}}cio and Cha, Meeyoung},
doi = {10.1145/2512938.2512951},
eprint = {1406.0032},
file = {:C$\backslash$:/Users/verma99/AppData/Local/Mendeley Ltd./Mendeley Desktop/Downloaded/Gon{\c{c}}alves et al. - 2013 - Comparing and combining sentiment analysis methods.pdf:pdf},
isbn = {9781450320849},
journal = {COSN 2013 - Proceedings of the 2013 Conference on Online Social Networks},
keywords = {public mood,sentiment analysis,social networks},
mendeley-groups = {Purdue/UberPeople},
pages = {27--37},
title = {{Comparing and combining sentiment analysis methods}},
year = {2013}
}

@article{Pang2008,
author = {Pang, Bo and Lee, Lillian},
doi = {10.1561/1500000001},
file = {:C$\backslash$:/Users/verma99/AppData/Local/Mendeley Ltd./Mendeley Desktop/Downloaded/Pang, Lee - 2008 - Opinion mining and sentiment analysis.pdf:pdf},
issn = {15540669},
journal = {Foundations and Trends in Information Retrieval},
mendeley-groups = {Purdue/UberPeople},
number = {1-2},
pages = {1--135},
title = {{Opinion mining and sentiment analysis}},
volume = {2},
year = {2008}
}

@article{Miller1995,
author = {Miller, George A.},
doi = {10.1145/219717.219748},
file = {:C$\backslash$:/Users/verma99/AppData/Local/Mendeley Ltd./Mendeley Desktop/Downloaded/Miller - 1995 - WordNet A Lexical Database for English.pdf:pdf},
issn = {15577317},
journal = {Communications of the ACM},
mendeley-groups = {Purdue/UberPeople},
number = {11},
pages = {39--41},
title = {{WordNet: A Lexical Database for English}},
volume = {38},
year = {1995}
}

@article{Liu2013,
author = {Liu, Xiaozhong},
doi = {10.1002/asi},
file = {:C$\backslash$:/Users/verma99/AppData/Local/Mendeley Ltd./Mendeley Desktop/Downloaded/Liu - 2013 - Full-Text Citation Analysis A New Method to Enhance.pdf:pdf},
journal = {Journal of the American Society for Information Science and Technology},
keywords = {bibliometrics,text mining},
mendeley-groups = {Purdue/UberPeople},
number = {July},
pages = {1852--1863},
title = {{Full-Text Citation Analysis : A New Method to Enhance}},
url = {http://onlinelibrary.wiley.com/doi/10.1002/asi.22883/abstract},
volume = {64},
year = {2013}
}

@article{Bradley2008,
archivePrefix = {arXiv},
arxivId = {arXiv:1011.1669v3},
author = {Bradley, Margaret M. and Lang, Peter J},
doi = {10.1109/MIC.2008.114},
eprint = {arXiv:1011.1669v3},
file = {:C$\backslash$:/Users/verma99/AppData/Local/Mendeley Ltd./Mendeley Desktop/Downloaded/Bradley, Lang - 2008 - Affective Norms for English Words (ANEW) Instruction Manual and Affective Ratings.pdf:pdf},
isbn = {Technical report C-1},
issn = {1089-7801},
journal = {IEEE Internet Computing},
mendeley-groups = {Purdue/UberPeople},
number = {5},
pages = {44--52},
pmid = {1577},
title = {{Affective Norms for English Words (ANEW): Instruction Manual and Affective Ratings}},
url = {http://dionysus.psych.wisc.edu/methods/Stim/ANEW/ANEW.pdf{\%}5Cnhttp://scholar.google.com/scholar?hl=en{\&}btnG=Search{\&}q=intitle:Affective+Norms+for+English+Words+(+ANEW+):+Instruction+Manual+and+Affective+Ratings{\#}0{\%}5Cnhttp://scholar.google.com/scholar?hl=en{\&}bt},
volume = {12},
year = {2008}
}

@article{Mei2006,
author = {Mei, Qiaozhu and Zhai, Cheng Xiang},
doi = {10.1145/1150402.1150482},
file = {:C$\backslash$:/Users/verma99/OneDrive - purdue.edu/Purdue/Research/UberPeople/Literature/Topic Modeling/A Mixture Model for Contextual Text Mining.pdf:pdf},
isbn = {1595933395},
journal = {Proceedings of the ACM SIGKDD International Conference on Knowledge Discovery and Data Mining},
keywords = {Clustering,Context,Contextual text mining,EM algorithm,Mixture model,Theme pattern},
mendeley-groups = {Purdue/UberPeople},
number = {1},
pages = {649--655},
title = {{A mixture model for contextual text mining}},
volume = {2006},
year = {2006}
}

@article{Mei2007,
author = {Mei, Qiaozhu and Shen, Xuehua and Zhai, Chengxiang},
doi = {10.1145/1281192.1281246},
file = {:C$\backslash$:/Users/verma99/OneDrive - purdue.edu/Purdue/Research/UberPeople/Literature/Topic Modeling/Automatic Labeling of Multinomial Topic Models.pdf:pdf},
isbn = {1595936092},
journal = {Proceedings of the ACM SIGKDD International Conference on Knowledge Discovery and Data Mining},
keywords = {Multinomial distribution,Statistical topic models,Topic model labeling},
mendeley-groups = {Purdue/UberPeople},
pages = {490--499},
title = {{Automatic labeling of multinomial topic models}},
year = {2007}
}

@article{Mei2005,
author = {Mei, Qiaozhu and Zhai, Cheng Xiang},
file = {:C$\backslash$:/Users/verma99/OneDrive - purdue.edu/Purdue/Research/UberPeople/Literature/Topic Modeling/Discovering Evolutionary Theme Patterns from Text - Temporal Text Mining.pdf:pdf},
journal = {Proceedings of the ACM SIGKDD International Conference on Knowledge Discovery and Data Mining},
keywords = {Clustering,Evolutionary theme patterns,Temporal text mining,Theme threads},
mendeley-groups = {Purdue/UberPeople},
pages = {198--207},
title = {{Discovering evolutionary theme patterns from text - An exploration of Temporal Text Mining}},
year = {2005}
}

@article{Blei2003,
author = {Blei, David M. and Ng, Andrew Y. and Jordan, Michael I.},
doi = {10.1016/b978-0-12-411519-4.00006-9},
file = {:C$\backslash$:/Users/verma99/OneDrive - purdue.edu/Purdue/Research/UberPeople/Literature/Topic Modeling/Latent Dirichlet Allocation.pdf:pdf},
issn = {15324435},
journal = {Journal of Machine Learning Research},
mendeley-groups = {Purdue/UberPeople},
number = {4-5},
pages = {993--1022},
title = {{Latent Dirichlet allocation}},
volume = {3},
year = {2003}
}

@article{Kim2013,
author = {Kim, Hyun Duk and Castellanos, Malu and Hsu, Meichun and Zhai, Cheng Xiang and Rietz, Thomas and Diermeier, Daniel},
doi = {10.1145/2505515.2505612},
file = {:C$\backslash$:/Users/verma99/OneDrive - purdue.edu/Purdue/Research/UberPeople/Literature/Topic Modeling/Mining Causal Topics in Text Data - Iterative Topic Modeling with Time Series Feedback.pdf:pdf},
isbn = {9781450322638},
journal = {International Conference on Information and Knowledge Management, Proceedings},
keywords = {Causal topic mining,Iterative topic mining,Time series},
mendeley-groups = {Purdue/UberPeople},
pages = {885--890},
title = {{Mining causal topics in text data: Iterative topic modeling with time series feedback}},
year = {2013}
}

@article{Chen2012,
author = {Chen, Xu and Zhou, Mingyuan and Carin, Lawrence},
doi = {10.1145/2339530.2339549},
file = {:C$\backslash$:/Users/verma99/OneDrive - purdue.edu/Purdue/Research/UberPeople/Literature/Topic Modeling/The Contextual Focused Topic Model.pdf:pdf},
isbn = {9781450314626},
journal = {Proceedings of the ACM SIGKDD International Conference on Knowledge Discovery and Data Mining},
keywords = {bayesian nonparametric,clustering,dirich-let process,hierarchical beta process,topic modeling},
mendeley-groups = {Purdue/UberPeople},
pages = {96--104},
title = {{The contextual focused topic model}},
year = {2012}
}

@article{B.FriedmanandD.G.Hendry2015,
arxivId = {arXiv:1408.0952v2},
author = {{B. Friedman and D.G. Hendry}},
doi = {10.1561/XXXXXXXXXX},
eprint = {arXiv:1408.0952v2},
file = {:C$\backslash$:/Users/verma99/OneDrive - purdue.edu/Purdue/Research/UberPeople/Literature/Topic Modeling/Thesis - Applications of Topic Models - 2017.pdf:pdf},
issn = {1935-8237},
journal = {Foundations and Trends in Human-Computer Interaction},
keywords = {foundations and trends},
mendeley-groups = {Purdue/UberPeople},
number = {1-2},
pages = {1--126},
title = {{Value Sensitive Design: A Twenty-Year Synthesis and Retrospective}},
volume = {8},
year = {2015}
}

@article{Mei2008,
author = {Mei, Qiaozhu and Cai, Deng and Zhang, Duo and Zhai, Cheng Xiang},
doi = {10.1145/1367497.1367512},
file = {:C$\backslash$:/Users/verma99/OneDrive - purdue.edu/Purdue/Research/UberPeople/Literature/Topic Modeling/Topic Modeling with Network Regularization.pdf:pdf},
isbn = {9781605580852},
journal = {Proceeding of the 17th International Conference on World Wide Web 2008, WWW'08},
keywords = {Graph-based regularization,Social networks,Statistical topic models},
mendeley-groups = {Purdue/UberPeople},
pages = {101--110},
title = {{Topic modeling with network regularization}},
year = {2008}
}

@article{Turney2005,
archivePrefix = {arXiv},
arxivId = {cs/0508053},
author = {Turney, Peter D.},
eprint = {0508053},
file = {:C$\backslash$:/Users/verma99/OneDrive - purdue.edu/Purdue/Research/UberPeople/Literature/Measuring Semantic Similarity by LRA.pdf:pdf},
issn = {10450823},
journal = {IJCAI International Joint Conference on Artificial Intelligence},
mendeley-groups = {Purdue/UberPeople},
pages = {1136--1141},
primaryClass = {cs},
title = {{Measuring semantic similarity by latent relational analysis}},
year = {2005}
}
